<collection xmlns="http://www.loc.gov/MARC21/slim">
   <record>
      <leader>02623cam a2200433 i 4500</leader>
      <controlfield tag="001">6803507</controlfield>
      <controlfield tag="003">OCoLC</controlfield>
      <controlfield tag="005">20150122145037.0</controlfield>
      <controlfield tag="008">140704t20152015ne       b    001 0 eng d</controlfield>
      <datafield ind1=" " ind2=" " tag="015">
         <subfield code="a">GBB4A7124</subfield>
         <subfield code="2">bnb</subfield>
      </datafield>
      <datafield ind1="7" ind2=" " tag="016">
         <subfield code="a">016886207</subfield>
         <subfield code="2">Uk</subfield>
      </datafield>
      <datafield ind1=" " ind2=" " tag="020">
         <subfield code="a">9004280618</subfield>
      </datafield>
      <datafield ind1=" " ind2=" " tag="020">
         <subfield code="a">9789004280618</subfield>
      </datafield>
      <datafield ind1=" " ind2=" " tag="020">
         <subfield code="z">9789004280731</subfield>
      </datafield>
      <datafield ind1=" " ind2=" " tag="035">
         <subfield code="a">ocn882899551</subfield>
      </datafield>
      <datafield ind1=" " ind2=" " tag="040">
         <subfield code="a">ERASA</subfield>
         <subfield code="b">eng</subfield>
         <subfield code="e">rda</subfield>
         <subfield code="c">ERASA</subfield>
         <subfield code="d">YDXCP</subfield>
         <subfield code="d">UKMGB</subfield>
         <subfield code="d">CHVBK</subfield>
         <subfield code="d">EMT</subfield>
         <subfield code="d">OHX</subfield>
         <subfield code="d">ZCU</subfield>
         <subfield code="d">UAB</subfield>
         <subfield code="d">AEU</subfield>
      </datafield>
      <datafield ind1=" " ind2="4" tag="050">
         <subfield code="a">BX3606.3</subfield>
         <subfield code="b">.R64 2015</subfield>
      </datafield>
      <datafield ind1=" " ind2="7" tag="072">
         <subfield code="a">BX</subfield>
         <subfield code="2">lcco</subfield>
      </datafield>
      <datafield ind1=" " ind2="7" tag="072">
         <subfield code="a">LA</subfield>
         <subfield code="2">lcco</subfield>
      </datafield>
      <datafield ind1="0" ind2="4" tag="082">
         <subfield code="a">270</subfield>
         <subfield code="2">23</subfield>
      </datafield>
      <datafield ind1=" " ind2=" " tag="090">
         <subfield code="a">BX 3606.3 R64 2015</subfield>
         <subfield code="b">AEU</subfield>
      </datafield>
      <datafield ind1="1" ind2=" " tag="100">
         <subfield code="a">Roest, Bert,</subfield>
         <subfield code="d">1965-</subfield>
         <subfield code="e">author.</subfield>
         <subfield code="0">http://id.loc.gov/authorities/names/n97047603</subfield>
         <subfield code="0">http://viaf.org/viaf/92887053</subfield>
      </datafield>
      <datafield ind1="1" ind2="0" tag="245">
         <subfield code="a">Franciscan learning, preaching and mission c. 1220-1650 :</subfield>
         <subfield code="b">cum scientia sit donum Dei, armatura ad defendendam sanctam Fidem catholicam... /</subfield>
         <subfield code="c">by Bert Roest.</subfield>
      </datafield>
      <datafield ind1=" " ind2="1" tag="264">
         <subfield code="a">Leiden :</subfield>
         <subfield code="b">Brill,</subfield>
         <subfield code="c">[2015]</subfield>
      </datafield>
      <datafield ind1=" " ind2="4" tag="264">
         <subfield code="c">©2015</subfield>
      </datafield>
      <datafield ind1=" " ind2=" " tag="300">
         <subfield code="a">x, 245 pages ;</subfield>
         <subfield code="c">25 cm.</subfield>
      </datafield>
      <datafield ind1=" " ind2=" " tag="336">
         <subfield code="a">text</subfield>
         <subfield code="2">rdacontent</subfield>
         <subfield code="0">http://id.loc.gov/vocabulary/contentTypes/txt</subfield>
      </datafield>
      <datafield ind1=" " ind2=" " tag="337">
         <subfield code="a">unmediated</subfield>
         <subfield code="2">rdamedia</subfield>
         <subfield code="0">http://id.loc.gov/vocabulary/mediaTypes/n</subfield>
      </datafield>
      <datafield ind1=" " ind2=" " tag="338">
         <subfield code="a">volume</subfield>
         <subfield code="2">rdacarrier</subfield>
         <subfield code="0">http://id.loc.gov/vocabulary/carriers/nc</subfield>
      </datafield>
      <datafield ind1="1" ind2=" " tag="490">
         <subfield code="a">The Medieval Franciscans ;</subfield>
         <subfield code="v">volume 10</subfield>
      </datafield>
      <datafield ind1=" " ind2=" " tag="504">
         <subfield code="a">Includes bibliographical references and indexes.</subfield>
      </datafield>
      <datafield ind1="8" ind2=" " tag="520">
         <subfield code="a">Returning to themes first discussed in his book 'A History of Franciscan Education' (Brill, 2000), Bert Roest discusses in this volume a wide range of issues pertaining to the organization of learning in the Franciscan order in the late medieval and early modern period, and the ways in which this order engaged in pastoral and missionary activities in confrontation with the rise of Protestantism. The essays in this volume brake new ground in their treatment of school formation, the chronology of educational developments, and the transformation of Franciscan schools between the mid fifteenth and the mid seventeenth century. They also challenge ingrained scholarly verdicts on the efficacy of sixteenth-century mendicant homiletics, and on the role of the Franciscans in the Dutch mission from the early seventeenth century onwards.</subfield>
      </datafield>
      <datafield ind1=" " ind2=" " tag="596">
         <subfield code="a">43</subfield>
      </datafield>
      <datafield ind1="2" ind2="0" tag="610">
         <subfield code="a">Franciscans</subfield>
         <subfield code="x">History.</subfield>
         <subfield code="0">http://id.loc.gov/authorities/names/n79015671</subfield>
      </datafield>
      <datafield ind1=" " ind2=" " tag="758">
         <subfield code="0">http://worldcat.org/entity/work/id/4021192069</subfield>
      </datafield>
      <datafield ind1="0" ind2=" " tag="787">
         <subfield code="n">OCLC Work Id</subfield>
         <subfield code="o">http://worldcat.org/entity/work/id/4021192069</subfield>
      </datafield>
      <datafield ind1=" " ind2="0" tag="830">
         <subfield code="a">Medieval Franciscans ;</subfield>
         <subfield code="v">v. 10.</subfield>
      </datafield>
      <datafield ind1=" " ind2=" " tag="949">
         <subfield code="a">BX 3606.3 R64 2015</subfield>
         <subfield code="c">1</subfield>
         <subfield code="h">UAHS-B</subfield>
         <subfield code="i">0162035234580</subfield>
      </datafield>
      <datafield ind1=" " ind2=" " tag="926">
         <subfield code="a">BX 3606.3 R64 2015</subfield>
         <subfield code="w">LC</subfield>
         <subfield code="c">1</subfield>
         <subfield code="i">0162035234580</subfield>
         <subfield code="l">ON_SHELF</subfield>
         <subfield code="m">UAHSS</subfield>
         <subfield code="p">$150.00</subfield>
         <subfield code="r">Y</subfield>
         <subfield code="s">Y</subfield>
         <subfield code="t">BOOK</subfield>
         <subfield code="u">2/11/2015</subfield>
      </datafield>
   </record>
</collection>
